@article{scellato2011socio,
  title={Socio-spatial Properties of Online Location-based Social Networks},
  author={Scellato, S. and Noulas, A. and Lambiotte, R. and Mascolo, C.},
  journal={Proceedings of ICWSM},
  volume={11},
  year={2011}
}

@inproceedings{backstrom2010find,
  title={Find me if you can: improving geographical prediction with social and spatial proximity},
  author={Backstrom, L. and Sun, E. and Marlow, C.},
  booktitle={Proceedings of the 19th international conference on World wide web},
  pages={61--70},
  year={2010},
  organization={ACM}
}

@inproceedings{cheng2010you,
  title={You are where you tweet: a content-based approach to geo-locating twitter users},
  author={Cheng, Z. and Caverlee, J. and Lee, K.},
  booktitle={Proceedings of the 19th ACM international conference on Information and knowledge management},
  pages={759--768},
  year={2010},
  organization={ACM}
}

@inproceedings{scellato2010distance,
  title={Distance matters: Geo-social metrics for online social networks},
  author={Scellato, S. and Mascolo, C. and Musolesi, M. and Latora, V.},
  booktitle={Proceedings of the 3rd conference on Online social networks},
  pages={8--8},
  year={2010},
  organization={USENIX Association}
}

@inproceedings{backstrom2008spatial,
  title={Spatial variation in search engine queries},
  author={Backstrom, L. and Kleinberg, J. and Kumar, R. and Novak, J.},
  booktitle={Proceeding of the 17th international conference on World Wide Web},
  pages={357--366},
  year={2008},
  organization={ACM}
}

@inproceedings{gilbert2009predicting,
  title={Predicting tie strength with social media},
  author={Gilbert, E. and Karahalios, K.},
  booktitle={Proceedings of the 27th international conference on Human factors in computing systems},
  pages={211--220},
  year={2009},
  organization={ACM}
}

@inproceedings{cranshaw2010bridging,
  title={Bridging the gap between physical location and online social networks},
  author={Cranshaw, J. and Toch, E. and Hong, J. and Kittur, A. and Sadeh, N.},
  booktitle={Proceedings of the 12th ACM international conference on Ubiquitous computing},
  pages={119--128},
  year={2010},
  organization={ACM}
}

@inproceedings{java2007we,
  title={Why we twitter: understanding microblogging usage and communities},
  author={Java, A. and Song, X. and Finin, T. and Tseng, B.},
  booktitle={Proceedings of the 9th WebKDD and 1st SNA-KDD 2007 workshop on Web mining and social network analysis},
  pages={56--65},
  year={2007},
  organization={ACM}
}


